<?xml version="1.0" encoding="UTF-8"?><collection xmlns="http://www.loc.gov/MARC21/slim"><record><leader>00523nam--2200181-i-4500</leader><controlfield tag="001">000030008</controlfield><controlfield tag="002">20161230</controlfield><controlfield tag="005">20161230201038</controlfield><controlfield tag="008">060222s1000------------r-----000-0-ger-d</controlfield><datafield ind1=" " ind2=" " tag="040"><subfield code="a">IFIN-HH</subfield></datafield><datafield ind1=" " ind2=" " tag="041"><subfield code="a">ger</subfield></datafield><datafield ind1=" " ind2=" " tag="080"><subfield code="a">517.1(075.32)</subfield></datafield><datafield ind1="1" ind2=" " tag="100"><subfield code="a">Lubsen, A</subfield></datafield><datafield ind1="1" ind2="0" tag="245"><subfield code="a">Einleitung in die infinitesimal-rechnung (differential -und integral- rechnung) zum selbstunterricht</subfield><subfield code="c">A. lubsen</subfield></datafield><datafield ind1=" " ind2=" " tag="260"><subfield code="a">Leipzig</subfield><subfield code="b">Friedrich Brandstatter</subfield><subfield code="c">1916</subfield></datafield><datafield ind1=" " ind2=" " tag="300"><subfield code="a">VII + 440P</subfield></datafield><datafield ind1=" " ind2=" " tag="852"><subfield code="a">44482</subfield><subfield code="c">H.H</subfield></datafield><datafield ind1=" " ind2=" " tag="CAT"><subfield code="a">Sys</subfield><subfield code="c">20130409</subfield><subfield code="h">131602</subfield></datafield></record></collection>